<record><leader>00000cas a22000007a 4500</leader><controlfield tag="001">30557252</controlfield><controlfield tag="008">940606d19uu19uunyuwr ne      0    0eng d</controlfield><datafield ind1=" " ind2=" " tag="010"><subfield code="a">sn 94057782 </subfield></datafield><datafield ind1=" " ind2=" " tag="040"><subfield code="a">NYS</subfield><subfield code="b">eng</subfield><subfield code="c">NYS</subfield><subfield code="d">OCLCQ</subfield><subfield code="d">OCLCF</subfield><subfield code="d">OCLCO</subfield></datafield><datafield ind1="1" ind2=" " tag="029"><subfield code="a">AU@</subfield><subfield code="b">000025906184</subfield></datafield><datafield ind1=" " ind2=" " tag="042"><subfield code="a">msc</subfield></datafield><datafield ind1=" " ind2=" " tag="043"><subfield code="a">n-us-ny</subfield></datafield><datafield ind1="0" ind2=" " tag="130"><subfield code="a">Wave guide (Rome, N.Y.)</subfield></datafield><datafield ind1="1" ind2="0" tag="245"><subfield code="a">Wave guide.</subfield></datafield><datafield ind1=" " ind2=" " tag="260"><subfield code="a">Rome, N.Y. :</subfield><subfield code="b">Spadafora Bros.</subfield></datafield><datafield ind1=" " ind2=" " tag="300"><subfield code="a">v. ;</subfield><subfield code="c">44 cm.</subfield></datafield><datafield ind1=" " ind2=" " tag="310"><subfield code="a">Weekly</subfield></datafield><datafield ind1="0" ind2=" " tag="362"><subfield code="a">-v. 14, no. 44 (Nov. 21, 1963) ; v. 27, no. 45 (Nov. 28, 1963)-</subfield></datafield><datafield ind1=" " ind2=" " tag="500"><subfield code="a">Published by: Mohawk Pub. Corp., &lt;1960-1964&gt;; and by: The Steffen Pub. Co., &lt;1965-1968&gt;.</subfield></datafield><datafield ind1=" " ind2=" " tag="500"><subfield code="a">"Published for personnel at Griffiss Air Force Base - the fountainhead of ground electronics."</subfield></datafield><datafield ind1=" " ind2=" " tag="588"><subfield code="a">Description based on: Vol. 6, no. 47 (Dec. 7, 1955).</subfield></datafield><datafield ind1=" " ind2=" " tag="588"><subfield code="a">Latest issue consulted: Vol. 31, no. 4 (Feb. 1, 1967 [i.e. 1968]).</subfield></datafield><datafield ind1=" " ind2="0" tag="650"><subfield code="a">Air bases</subfield><subfield code="z">New York (State)</subfield><subfield code="v">Newspapers.</subfield></datafield><datafield ind1=" " ind2="0" tag="651"><subfield code="a">Griffiss Air Force Base (N.Y.)</subfield><subfield code="v">Newspapers.</subfield></datafield><datafield ind1=" " ind2="0" tag="651"><subfield code="a">Rome (N.Y.)</subfield><subfield code="v">Newspapers.</subfield></datafield><datafield ind1=" " ind2="0" tag="651"><subfield code="a">Oneida County (N.Y.)</subfield><subfield code="v">Newspapers.</subfield></datafield><datafield ind1=" " ind2="7" tag="655"><subfield code="a">Newspapers.</subfield><subfield code="2">fast</subfield><subfield code="0">(OCoLC)fst01423814</subfield></datafield><datafield ind1=" " ind2="7" tag="650"><subfield code="a">Air bases.</subfield><subfield code="2">fast</subfield><subfield code="0">(OCoLC)fst00802224</subfield></datafield><datafield ind1=" " ind2="7" tag="651"><subfield code="a">New York (State)</subfield><subfield code="2">fast</subfield><subfield code="0">(OCoLC)fst01210280</subfield></datafield><datafield ind1=" " ind2="7" tag="651"><subfield code="a">New York (State)</subfield><subfield code="z">Griffiss Air Force Base.</subfield><subfield code="2">fast</subfield><subfield code="0">(OCoLC)fst01220778</subfield></datafield><datafield ind1=" " ind2="7" tag="651"><subfield code="a">New York (State)</subfield><subfield code="z">Oneida County.</subfield><subfield code="2">fast</subfield><subfield code="0">(OCoLC)fst01209049</subfield></datafield><datafield ind1=" " ind2="7" tag="651"><subfield code="a">New York (State)</subfield><subfield code="z">Rome.</subfield><subfield code="2">fast</subfield><subfield code="0">(OCoLC)fst01213046</subfield></datafield><datafield ind1=" " ind2=" " tag="752"><subfield code="a">United States</subfield><subfield code="b">New York</subfield><subfield code="c">Oneida</subfield><subfield code="d">Griffiss Air Force Base.</subfield></datafield><datafield ind1=" " ind2=" " tag="752"><subfield code="a">United States</subfield><subfield code="b">New York</subfield><subfield code="c">Oneida</subfield><subfield code="d">Rome.</subfield></datafield></record>